
@Article{Biundo2016CompanionSurvey,
  Title                    = {Companion-Technology: An Overview},
  Author                   = {Susanne Biundo and Daniel H\"oller and Bernd Schattenberg and Pascal Bercher},
  Journal                  = {K{\"u}nstliche Intelligenz},
  Year                     = {2016},
  Note                     = {Special Issue on Companion Technologies},
  Number                   = {1},
  Pages                    = {11--20},
  Volume                   = {30},

  Doi                      = {10.1007/s13218-015-0419-3},
  File                     = {:Biundo2016CompanionSurvey.pdf:PDF},
  Owner                    = {pbercher},
  Timestamp                = {2016.01.13}
}
