@article{r1,
  title={Constraint satisfaction using constraint logic programming},
  author={Van Hentenryck, Pascal and Simonis, Helmut and Dincbas, Mehmet},
  journal={Artificial intelligence},
  volume={58},
  number={1-3},
  pages={113--159},
  year={1992},
  publisher={Elsevier}
}
@article{r2,
author = {Andrei A. Bulatov},
title = {A dichotomy theorem for constraint satisfaction problems on a 3-element set},
journal = {Journal of the ACM (JACM)},
volume = {53},
year = {2006},
number = {1},
pages = {66-120}
}
@inproceedings{r3,
  title={On the Equivalence of Constraint Satisfaction Problems.},
  author={Rossi, Francesca and Petrie, Charles J and Dhar, Vasant},
  booktitle={ECAI},
  volume={90},
  pages={550--556},
  year={1990},
  organization={Citeseer}
}
@book{r4,
author = {Ghedira,Khaled},
title = {Constraint Satisfaction Problems: CSP Formalisms and Techniques},
publisher = {Wiley-ISTE},
address = {Somerset},
edition={1. Aufl.;1st;},
year = {2013}
}
@inbook{r5,
author={Nethercote,Nicholas and Stuckey,Peter J. and Becket,Ralph and Brand,Sebastian and Duck,Gregory J. and Tack,Guido},
year={2007},
title={MiniZinc: Towards a Standard CP Modelling Language},
publisher={Springer Berlin Heidelberg},
address={Berlin, Heidelberg},
volume={4741},
pages={529-543}
}
@manual{r6,
author = {Monash University and Data61 and CSIRO},
title = {Welcome to MiniZinc},
url= {http://www.minizinc.org/},
year={accessed Sep 16, 2020}
}

@misc{r7,
author = {Felipe Trevizan},
title = {Arc Consistency},
organization = {Colleage of Engineering and Computer Science, The Australian University},
address={Canberra, ACT},
Howpublished = {University Lecture},
year={2020},
}
@inproceedings{r8,
author={Zhou,Neng-Fa and Kjellerstrand,Håkan},
year={2017},
title={Optimizing SAT encodings for arithmetic constraints},
volume={10416},
pages={671-686},
isbn={0302-9743},
language={English},
note ={doc: \url{10.1007/978-3-319-66158-2_43}}
}
@book{r9,
author={Tobias,Marvin J. and Krantz,Steven G.},
year={2011},
title={Matrices in engineering problems},
publisher={Morgan \& Claypool Publishers},
address={San Rafael, Calif},
volume={10},
edition={1st},
isbn={1938-1751},
language={English},
}
@inproceedings{r10,
  title={MiniZinc: Towards a standard CP modelling language},
  author={Nethercote, Nicholas and Stuckey, Peter J and Becket, Ralph and Brand, Sebastian and Duck, Gregory J and Tack, Guido},
  booktitle={International Conference on Principles and Practice of Constraint Programming},
  pages={529--543},
  year={2007},
  organization={Springer}
}
@book{r11,
  title={Handbook of constraint programming},
  author={Rossi, Francesca and Van Beek, Peter and Walsh, Toby},
  year={2006},
  publisher={Elsevier}
}
@inproceedings{r12,
  title={Euler angle based attitude estimation avoiding the singularity problem},
  author={Kang, Chul Woo and Park, Chan Gook},
  booktitle={Proceedings of the 18th IFAC World Congress, Milan, Italy},
  volume={28},
  year={2011}
}
@ARTICLE{r13,
  author={X. {Yun} and E. R. {Bachmann} and R. B. {McGhee}},
  journal={IEEE Transactions on Instrumentation and Measurement}, 
  title={A Simplified Quaternion-Based Algorithm for Orientation Estimation From Earth Gravity and Magnetic Field Measurements}, 
  year={2008},
  volume={57},
  number={3},
  pages={638-650},}
@book{r14,
  title={Oxford dictionary of English},
  author={Stevenson, Angus},
  year={2010},
  publisher={Oxford University Press, USA}
}
@article{r15,
  title={N-dimensional rotation matrix generation algorithm},
  author={Zhelezov, Ognyan Ivanov},
  journal={American Journal of Computational and Applied Mathematics},
  volume={7},
  number={2},
  pages={51--57},
  year={2017}
}
@INPROCEEDINGS{r16,
  author={Y. {Zeng} and H. {Guo}},
  booktitle={2017 Chinese Automation Congress (CAC)}, 
  title={An euler angle calculation method for tailsitter UAV}, 
  year={2017},
  volume={},
  number={},
  pages={814-819},}
@inproceedings{r17,
  title={How to avoid singularity for Euler angle set},
  author={Singla, Puneet and Mortari, Daniele and Junkins, John L},
  booktitle={Proceedings of the AAS Space Flight Mechanics Conference, Hawaii},
  year={2004}
}
@article{r18,
  title={Constraint satisfaction techniques in planning and scheduling},
  author={Bart{\'a}k, Roman and Salido, Miguel A and Rossi, Francesca},
  journal={Journal of Intelligent Manufacturing},
  volume={21},
  number={1},
  pages={5--15},
  year={2010},
  publisher={Springer}
}
@article{r19,
  title={Quaternion to Euler angle conversion for arbitrary rotation sequence using geometric methods},
  author={Hughes, Noel H},
  journal={Accessed online at noelhughes. net/uploads/quat},
  volume={2},
  year={2008}
}
@misc{r20,
title = {Cartesian coordinate system},
howpublished = {Available at \url{https://en.wikipedia.org/wiki/File:Cartesian_coordinate_system_handedness.svg}},
note = {Accessed: 2020-10-09}
}
@misc{r21,
title = {{IQ Twist}},
howpublished = {Available at \url{https://www.rainbowfun.com.au/smartgames-iq-twist}},
note = {Accessed: 2020-10-09}
}
@misc{r22,
title = {{IQ Twist}},
howpublished = {Available at \url{https://kidstoptoys.com/iq-twist.html}},
note = {Accessed: 2020-10-09}
}
@misc{r23,
title = {{Zig Zag Puzzler}},
howpublished = {Available at \url{https://www.smartgames.eu/uk/one-player-games/zig-zag-puzzler}},
note = {Accessed: 2020-10-09}
}
@article{r24,
  title={Novi commentarii academiae scientiarum petropolitanae},
  author={Euler, Leonhard},
  journal={Nr},
  volume={20},
  pages={189--207},
  year={1776}
}
@ARTICLE{r25,
  author={C. {Anderson}},
  journal={IEEE Software}, 
  title={Docker [Software engineering]}, 
  year={2015},
  volume={32},
  number={3},
  pages={102-c3},}
@book{bookseries ,
author = {L M Napster},
title = {Mathematical Theory of Efficient Piracy},
series = {Lecture Notes in Mathematics},
volume = {3204},
publisher = {Springer Verlag},
address = {New York NY},
year = {1998}
}
@article{r26,
  title={AlphaGo seals 4-1 victory over Go grandmaster Lee Sedol},
  author={Borowiec, Steven},
  journal={The Guardian},
  volume={15},
  year={2016}
}
@article{r27,
  title={A language and a program for stating and solving combinatorial problems},
  author={Lauriere, Jena-Lonis},
  journal={Artificial intelligence},
  volume={10},
  number={1},
  pages={29--127},
  year={1978},
  publisher={Elsevier}
}
@article{r28,
  title={Constraint satisfaction problems: Algorithms and applications},
  author={Brailsford, Sally C and Potts, Chris N and Smith, Barbara M},
  journal={European Journal of Operational Research},
  volume={119},
  number={3},
  pages={557--581},
  year={1999},
  publisher={Elsevier}
}
@misc{r29,
title = {{Singularity in 3D rotation angle sequences}},
howpublished = {Available at \url{https://robotacademy.net.au/lesson/singularity-in-3d-rotation-angle-sequences}},
note = {Accessed: 2020-10-31}
}
@inproceedings{r30,
  title={A New Algorithm for Singleton Arc Consistency.},
  author={Bart{\'a}k, Roman and Erben, Radek},
  year={2004}
}
@phdthesis{thesis ,
author = {O P Qwerty},
title = {History of the Goofy Layout of Keyboards},
publisher = {Podunk University Arcana Department},
address = {Podunk IN},
year = {1996}
}


@techreport{report ,
author = {Robert Swearingen},
title = {Morpholoty and syntax of British sailors’ English},
series = {Technical Report},
volume = {249},
publisher = {Profanity Institute},
address = {New York NY},
year = {1985}
}



@incollection{collection ,
author = {Tom Upsilon},
title = {Obscure Greek letters and their meanings
in mathematics and the sciences},
editor = {V W Xavier},
booktitle = {Proceedings of the seventh international
trivia conference},
publisher = {Last Resort Publishers},
address = {Philadelphia PA},
year = {1987},
pages = {129--158}
}



@misc{website ,
author = {James Tetazoo},
title = {A brief guide to recreational pyromania},
howpublished = {Available at \url{http://
www.blowinglotsofweirdstuffup.com/guide.html} (2005/06/12)}
}



@unpublished{acceptedpub ,
author = {J Mentor},
title = {Behavior of small animals on fire},
journal = {Nature},
note = {(in press)}
}



@unpublished{unpub ,
author = {J Mentor},
title = {Behavior of small animals on fire},
note = {Unpublished Manuscript},
year = {2012}
}

@unpublished{notpub ,
author = {J Mentor},
title = {Behavior of small animals on fire},
note = {Unpublished Manuscript},
year = {2012}
}

@misc{conv ,
author = {Sigmund Freud},
month = {July},
year = {2012},
howpublished = {Personal conversation}
}




